@article{ieee85-standard,
author = {},
journal = {IEEE Std. 754-1985},
title = {IEEE Standard for Binary Floating-Point Arithmetic},
year={1985}
}
@article{ieee08-standard,
author = {},
journal = {IEEE Std. 754-2008},
title = {IEEE Standard for Binary Floating-Point Arithmetic},
year={2008}
}
@techreport{c99,
    author = {{ISO}},
    institution = {ISO/IEC},
    keywords = {c-language, foundation},
    number = {WG14 N1124},
    title = {{The ANSI C standard (C99)}},
    url = {http://www.open-std.org/JTC1/SC22/WG14/www/docs/n1124.pdf},
    year = {1999}
}
@article{toplas08-pitfalls-verifying,
 author = {Monniaux, David},
 title = {The Pitfalls of Verifying Floating-point Computations},
 journal = {ACM Trans. Program. Lang. Syst.},
 issue_date = {May 2008},
 volume = {30},
 number = {3},
 month = may,
 year = {2008},
 issn = {0164-0925},
 pages = {12:1--12:41},
 articleno = {12},
 numpages = {41},
 url = {http://doi.acm.org/10.1145/1353445.1353446},
 doi = {10.1145/1353445.1353446},
 acmid = {1353446},
 publisher = {ACM},
 address = {New York, NY, USA},
 keywords = {AMD64, Abstract interpretation, Embedded software, FPU, Floating point, IA32, IEEE-754, PowerPC, Program testing, Rounding, Safety-Critical Software, Static analysis, Verification, x87},
} 
@article{acm91-every-scientist,
 author = {Goldberg, David},
 title = {What Every Computer Scientist Should Know About Floating-point Arithmetic},
 journal = {ACM Comput. Surv.},
 issue_date = {March 1991},
 volume = {23},
 number = {1},
 month = mar,
 year = {1991},
 issn = {0360-0300},
 pages = {5--48},
 numpages = {44},
 url = {http://doi.acm.org/10.1145/103162.103163},
 doi = {10.1145/103162.103163},
 acmid = {103163},
 publisher = {ACM},
 address = {New York, NY, USA},
 keywords = {NaN, denormalized number, exception, floating-point, floating-point standard, gradual underflow, guard digit, overflow, relative error, rounding error, rounding mode, ulp, underflow},
} 
@book{book87-nmse,
title = {Numerical Methods for Scientists and Engineers},
author = {Richard Hamming},
publisher = {Dover Publications},
year = {1987},
edition = 2
}
@unpublished{berkeley00-needle-like,
  author = {William Kahan},
  title = {Miscalculating Area and Angles of a Needle-like Triangle},
  url ={http://www.cs.berkeley.edu/~wkahan/Triangle.pdf},
  month=mar,
  year={2000}
}
@unpublished{ensl03-table-maker,
author = {Vincent Lefèvre and Jean-Michel Muller},
title = {The Table Maker’s Dilemma: our search for worst cases},
year = {2003},
month = oct,
url = {http://perso.ens-lyon.fr/jean-michel.muller/Intro-to-TMD.htm}
}
@Article{acm07-mpfr,
author = "Laurent Fousse and Guillaume Hanrot and Vincent Lef\`evre and Patrick P\'elissier and Paul Zimmermann",
title = "{MPFR}: A Multiple-Precision Binary Floating-Point Library with Correct Rounding",
journal = "{ACM} Transactions on Mathematical Software",
volume = "33",
number = "2",
month = jun,
year = "2007",
pages = "13:1--13:15",
URL = "http://doi.acm.org/10.1145/1236463.1236468"
} 
@article{arith13-area-triangle,
author = {Sylvie Boldo},
title = {How to Compute the Area of a Triangle: A Formal Revisit},
journal ={Computer Arithmetic, IEEE Symposium on},
volume = {0},
issn = {1063-6889},
year = {2013},
pages = {91-98},
doi = {http://doi.ieeecomputersociety.org/10.1109/ARITH.2013.29},
publisher = {IEEE Computer Society},
address = {Los Alamitos, CA, USA},
}
@article{ieee09-discriminant-proven,
  author = {Sylvie Boldo},
  title = {{K}ahan's algorithm for a correct discriminant computation at last formally proven},
  journal = {IEEE Transactions on Computers},
  month = feb,
  url = {http://hal.inria.fr/inria-00171497/},
  volume = {58},
  number = {2},
  issn = {0018-9340},
  year = {2009},
  pages = {220-225},
  doi = {10.1109/TC.2008.200},
  publisher = {IEEE Computer Society},
  address = {Los Alamitos, CA, USA}
}
@article{jar13-wave-equation-prove,
author = {Sylvie Boldo and Fran\c{c}ois Cl\'ement and Jean-Christophe Filli\^atre and Micaela Mayero and Guillaume Melquiond and Pierre Weis},
title = {{Wave Equation Numerical Resolution: a Comprehensive Mechanized Proof of a C Program}},
journal = {Journal of Automated Reasoning},
year = {2013},
volume = {50},
number = {4},
pages = {423--456},
year = {2013},
month = apr,
doi = {10.1007/s10817-012-9255-4},
url = {http://hal.inria.fr/hal-00649240/en/}
}
@inproceedings{popl14-rosa,
 author = {Darulova, Eva and Kuncak, Viktor},
 title = {Sound Compilation of Reals},
 booktitle = {Proceedings of the 41st ACM SIGPLAN-SIGACT Symposium on Principles of Programming Languages},
 series = {POPL '14},
 year = {2014},
 isbn = {978-1-4503-2544-8},
 location = {San Diego, California, USA},
 pages = {235--248},
 numpages = {14},
 url = {http://doi.acm.org/10.1145/2535838.2535874},
 doi = {10.1145/2535838.2535874},
 acmid = {2535874},
 publisher = {ACM},
 address = {New York, NY, USA},
 keywords = {compilation, embedded systems, fixed-point arithmetic, floating-point arithmetic, numerical approximation, roundoff error, scientific computing, sensitivity analysis, verification},
} 
@inproceedings{popl13-ariadne,
 author = {Barr, Earl T. and Vo, Thanh and Le, Vu and Su, Zhendong},
 title = {Automatic detection of floating-point exceptions},
 series = {POPL '13},
 doi = {10.1145/2429069.2429133},
 keywords = {floating-point exceptions, symbolic execution}
} 
@inproceedings{pldi14-stoke,
  author = {Schkufza, Eric and Sharma, Rahul and Aiken, Alex},
  title = {Stochastic Optimization of Floating Point Programs using Tunable Precision},
  series = {PLDI 14},
}
